@MISC{ai_home,
	author = {MITAppInventor},
	title = {MIT App Inventor | Explore MIT App Inventor},
	Url = {http://appinventor.mit.edu/explore},
	year = {2015}}
	

  
 